<record><leader>00000cas a22000007a 4500</leader><controlfield tag="001">27119805</controlfield><controlfield tag="008">921214d19731973scudn ne      0    0eng d</controlfield><datafield ind1=" " ind2=" " tag="010"><subfield code="a">sn 92065703 </subfield></datafield><datafield ind1=" " ind2=" " tag="040"><subfield code="a">SVN</subfield><subfield code="b">eng</subfield><subfield code="c">SVN</subfield><subfield code="d">OCLCQ</subfield></datafield><datafield ind1=" " ind2=" " tag="042"><subfield code="a">msc</subfield></datafield><datafield ind1="0" ind2="4" tag="245"><subfield code="a">The Grand Strand journal American.</subfield></datafield><datafield ind1=" " ind2=" " tag="260"><subfield code="a">Georgetown, S.C. :</subfield><subfield code="b">United Communications Co.</subfield></datafield><datafield ind1=" " ind2=" " tag="300"><subfield code="a">v.</subfield></datafield><datafield ind1=" " ind2=" " tag="310"><subfield code="a">Daily (except Sun.)</subfield></datafield><datafield ind1="0" ind2=" " tag="362"><subfield code="a">Vol. 1, no. 97 (June 28, 1973) - v. 1, no. 135 (Aug. 11, 1973).</subfield></datafield><datafield ind1=" " ind2="4" tag="651"><subfield code="a">Georgetown County (S.C.)</subfield><subfield code="v">Newspapers.</subfield></datafield><datafield ind1=" " ind2=" " tag="752"><subfield code="a">United States</subfield><subfield code="b">South Carolina</subfield><subfield code="c">Georgetown</subfield><subfield code="d">Georgetown.</subfield></datafield><datafield ind1="0" ind2="4" tag="780"><subfield code="t">Grand Strand journal</subfield><subfield code="w">(DLC)sn 92065694</subfield></datafield><datafield ind1="0" ind2="4" tag="780"><subfield code="t">Daily American (Georgetown, S.C.)</subfield><subfield code="w">(DLC)sn 92065472</subfield></datafield><datafield ind1="0" ind2="0" tag="785"><subfield code="t">Journal American (Georgetown, S.C.)</subfield><subfield code="w">(DLC)sn 92065716</subfield></datafield><datafield ind1="1" ind2=" " tag="029"><subfield code="a">AU@</subfield><subfield code="b">000020750913</subfield></datafield></record>